@misc{centos-install-phoronix,
	title = "\url{https://arstech.net/phoronix-test-suite/}",
	year = "consultado el 19 de diciembre de 2021",
}

@misc{centos-phoronix-libc-error,
	title = "\url{https://stackoverflow.com/questions/68936024/how-can-i-install-the-file-libc-a-using-dnf-install-in-centos8}",
	year = "consultado el 19 de diciembre de 2021",
}

@misc{ubuntu-install-phoronix,
	title = "\url{https://ubunlog.com/phoronix-test-suite-una-herramienta-para-benchmark-multiplataforma/}",
	year = "consultado el 20 de diciembre de 2021",
}

@misc{isep4jmeter,
	title = "\url{https://github.com/davidPalomar-ugr/iseP4JMeter}",
	year = "consultado el 21 de diciembre de 2021",
}

@misc{jmeter-download,
	title = "\url{https://jmeter.apache.org/download_jmeter.cgi}",
	year = "consultado el 21 de diciembre de 2021",
}

@misc{jmeter-documentation,
	title = "\url{https://jmeter.apache.org/usermanual/index.html}",
	year = "consultado el 22 de diciembre de 2021",
}

@misc{docker-download,
	title = "\url{https://docs.docker.com/desktop/mac/install/}",
	year = "consultado el 23 de diciembre de 2021",
}

@misc{docker-phoronix,
	title = "\url{https://www.phoronix.com/scan.php?page=article&item=docker-phoronix-pts&num=1}",
	year = "consultado el 23 de diciembre de 2021",
}